% Let's keep this alphabetic. Also, no need to over-cite; this is a textbook for beginning students, not a comprehensive monograph.

@book{bishop2002art,
  title={Computer Security: Art and Science},
  author={Bishop, Matthew A},
  year={2018},
  edition={2nd},
  publisher={Addison-Wesley Professional},
  isbn = {0-321-71233-1}
}

@book{gleick2012information,
  title={The information: A history, a theory, a flood},
  author={Gleick, James},
  year={2012},
  edition={illustrated},
  publisher={Vintage}
}

@Book{nielsen-chuang:qci,
  author =	 {Michael A. Nielsen and Isaac L. Chuang},
  title = 	 {Quantum Computation and Quantum Information},
  publisher = 	 {Cambridge University Press},
  year = 	 2000
}

@Misc{preskill:PH-CS219,
  author = 	 {John Preskill},
  title = 	 {Lecture notes for PH/CS 219 at Caltech},
  howpublished = {available on the web},
  year = 	 2019,
  URL = {http://www.theory.caltech.edu/~preskill/ph219/index.html#lecture}                  
}

@book{rieffel2011quantum,
  title={Quantum computing: A gentle introduction},
  author={Rieffel, Eleanor G and Polak, Wolfgang H},
  year={2011},
  publisher={MIT Press}
}

@Book{sutor19:dancing,
  author = 	 {Robert S. Sutor},
  title = 	 {Dancing with Qubits},
  publisher = 	 {Packt Publishing},
  year = 	 2019
}

@book{wilde2013quantum,
  title={Quantum information theory},
  author={Wilde, Mark M},
  year={2013},
  publisher={Cambridge University Press}
}
